<?xml version="1.0" encoding="UTF-8"?>
<collection xmlns:xsi="http://www.w3.org/2001/XMLSchema-instance" xsi:schemaLocation="http://www.loc.gov/MARC21/slim http://www.loc.gov/standards/marcxml/schema/MARC21slim.xsd" xmlns="http://www.loc.gov/MARC21/slim">
<record>
  <leader>01709cam a22003491  4500</leader>
  <controlfield tag="001">3076419</controlfield>
  <controlfield tag="003">NNC</controlfield>
  <controlfield tag="005">20100225201233.0</controlfield>
  <controlfield tag="008">820531s1964    iq            000 0 arar </controlfield>
  <datafield tag="010" ind1=" " ind2=" ">
    <subfield code="a">ne 66000235 </subfield>
  </datafield>
  <datafield tag="035" ind1=" " ind2=" ">
    <subfield code="a">(OCoLC)504989715</subfield>
  </datafield>
  <datafield tag="035" ind1=" " ind2=" ">
    <subfield code="a">(OCoLC)ocn504989715</subfield>
  </datafield>
  <datafield tag="035" ind1=" " ind2=" ">
    <subfield code="9">ATQ0019CU</subfield>
  </datafield>
  <datafield tag="035" ind1=" " ind2=" ">
    <subfield code="a">(NNC)3076419</subfield>
  </datafield>
  <datafield tag="040" ind1=" " ind2=" ">
    <subfield code="a">DLC</subfield>
    <subfield code="c">TKN</subfield>
    <subfield code="d">TKN</subfield>
    <subfield code="d">CGU</subfield>
    <subfield code="d">CStRLIN</subfield>
    <subfield code="d">CtY</subfield>
    <subfield code="d">StEdU</subfield>
  </datafield>
  <datafield tag="043" ind1=" " ind2=" ">
    <subfield code="a">a-iq---</subfield>
  </datafield>
  <datafield tag="066" ind1=" " ind2=" ">
    <subfield code="c">(3</subfield>
    <subfield code="c">(4</subfield>
  </datafield>
  <datafield tag="100" ind1="1" ind2=" ">
    <subfield code="6">880-01</subfield>
    <subfield code="a">Ḥanafī, Jalāl.</subfield>
  </datafield>
  <datafield tag="245" ind1="1" ind2="3">
    <subfield code="6">880-02</subfield>
    <subfield code="a">al-Aymān al-Baghdādīyah :</subfield>
    <subfield code="b">maʻa malāḥiq bi-al-aymān al-Ḥillīyah wa-al-Mawṣilīyah wa-al-ʻImārīyah wa-al-Hītīyah wa-al-Sāmarrāʾīyah wa-al-Karbalāʾīyah wa-al-Nāṣirīyah /</subfield>
    <subfield code="c">taṣnīf Jalāl al-Ḥanafī ; qaddama la-hu wa-ʻallaqa ʻalayhi ʻAbd al-Ḥamīd al-ʻAlwajī.</subfield>
  </datafield>
  <datafield tag="246" ind1="1" ind2="5">
    <subfield code="a">Baghdad oaths</subfield>
  </datafield>
  <datafield tag="260" ind1=" " ind2=" ">
    <subfield code="6">880-03</subfield>
    <subfield code="a">[Baghdād] :</subfield>
    <subfield code="b">Maktabat al-Nahḍah,</subfield>
    <subfield code="c">[1964]</subfield>
  </datafield>
  <datafield tag="300" ind1=" " ind2=" ">
    <subfield code="a">174 p. ;</subfield>
    <subfield code="c">24 cm.</subfield>
  </datafield>
  <datafield tag="500" ind1=" " ind2=" ">
    <subfield code="a">Title on added t.p.: Baghdad oaths, by Jalal al-Hanafī.</subfield>
  </datafield>
  <datafield tag="650" ind1=" " ind2="0">
    <subfield code="a">Oaths</subfield>
    <subfield code="z">Iraq</subfield>
    <subfield code="z">Baghdad.</subfield>
  </datafield>
  <datafield tag="650" ind1=" " ind2="0">
    <subfield code="a">Oaths (Islamic law)</subfield>
  </datafield>
  <datafield tag="700" ind1="1" ind2=" ">
    <subfield code="6">880-04</subfield>
    <subfield code="a">ʻAlwachī, ʻAbd al-Ḥamīd.</subfield>
  </datafield>
  <datafield tag="880" ind1="1" ind2=" ">
    <subfield code="6">100-01/(3/r</subfield>
    <subfield code="a">حنفي، جلال.</subfield>
  </datafield>
  <datafield tag="880" ind1="1" ind2="2">
    <subfield code="6">245-02/(3/r</subfield>
    <subfield code="a">الأيمان البغدادية :</subfield>
    <subfield code="b">مع ملاحق بالأيمان الحلية والموصلية والعمارية والهيتية والسامرائية والكربلائية والناصرية /</subfield>
    <subfield code="c">تصنيف جلال الحنفي ؛ قدم له وعلق عليه عبد الحميد العلوجي.</subfield>
  </datafield>
  <datafield tag="880" ind1=" " ind2=" ">
    <subfield code="6">260-03/(3/r</subfield>
    <subfield code="a">[بغداد] :</subfield>
    <subfield code="b">مكتبة النهضة،</subfield>
    <subfield code="c">[1964]</subfield>
  </datafield>
  <datafield tag="880" ind1="1" ind2=" ">
    <subfield code="6">700-04/(3/r</subfield>
    <subfield code="a">علوچي، عبد الحميد.</subfield>
  </datafield>
  <datafield tag="955" ind1=" " ind2=" ">
    <subfield code="b">CU58886966</subfield>
    <subfield code="d">off,glx</subfield>
    <subfield code="e">893.781 H1943</subfield>
  </datafield>
</record>
</collection>